%% Created using Papers on Tue, 28 Nov 2017.
%% http://papersapp.com/papers/

@techreport{dellavigna2016estimating,
author = {Della Vigna, Stefano and List, John A and Malmendier, Ulrike and Rao, Gautam},
title = {{Estimating Social Preferences and Gift Exchange at Work}},
year = {2016}
}

@incollection{rotemberg2006altruism,
author = {Rotemberg, Julio J},
title = {{Altruism, reciprocity and cooperation in the workplace}},
booktitle = {Handbook of the economics of giving, altruism and reciprocity},
year = {2006}
}

@techreport{blasco2016motivating,
author = {Blasco, Andrea and Jung, Olivia S and Lakhani, Karim R and Menietti, Michael},
title = {{Motivating Effort In Contributing to Public Goods Inside Organizations: Field Experimental Evidence}},
year = {2016}
}

@article{hirshleifer1983weakest,
author = {Hirshleifer, Jack},
title = {{From weakest-link to best-shot: The voluntary provision of public goods}},
journal = {Public Choice},
year = {1983}
}

@incollection{vesterlund2012voluntary,
author = {Vesterlund, Lise},
title = {{Voluntary giving to public goods: moving beyond the linear VCM}},
booktitle = {The Handbook of Experimental Economics},
year = {2012}
}

@article{andreoni1989giving,
author = {Andreoni, James},
title = {{Giving with lmpure Altruism: Applications to}},
journal = {The Journal of Political Economy},
year = {1989}
}

@incollection{niederle2014gender,
author = {Niederle, Muriel},
title = {{Gender}},
booktitle = {Handbook in Experimental Economics},
year = {2014}
}

@article{niederle2007women,
author = {Niederle, Muriel and Vesterlund, Lise},
title = {{Do Women Shy Away From Competition? Do Men Compete Too Much?}},
journal = {The Quarterly Journal of Economics},
year = {2007}
}

@article{gneezy2003performance,
author = {Gneezy, Uri and Niederle, Muriel and Rustichini, Aldo},
title = {{Performance in Competitive Environments: Gender Differences}},
journal = {The Quarterly Journal of Economics},
year = {2003}
}

@article{niederle2003unraveling,
author = {Niederle, Muriel and Roth, Alvin E},
title = {{Unraveling reduces mobility in a labor market: Gastroenterology with and without a centralized match}},
journal = {Journal of Political Economy},
year = {2003}
}

@article{lange2007using,
author = {Lange, Andreas and List, John A and Price, Michael K},
title = {{Using lotteries to finance public goods: Theory and experimental evidence*}},
journal = {International Economic Review},
year = {2007}
}

@article{andreoni1988free,
author = {Andreoni, James},
title = {{Why free ride?: Strategies and learning in public goods experiments}},
journal = {Journal of Public Economics},
year = {1988}
}

@article{andreoni1990impure,
author = {Andreoni, James},
title = {{Impure Altruism and Donations to Public Goods: A Theory of Warm-Glow Giving?}},
journal = {Economic Journal},
year = {1990}
}

@article{croson2009gender,
author = {Croson, Rachel and Gneezy, Uri},
title = {{Gender Differences in Preferences}},
journal = {Journal of Economic Literature},
year = {2009}
}

@article{gallus2015fostering,
author = {Gallus, Jana},
title = {{Fostering Public Good Contributions with Symbolic Awards: A Large-Scale Natural Field Experiment at Wikipedia}},
journal = {Management Science},
year = {2016}
}

