%% Created using Papers on Thu, 21 Dec 2017.
%% http://papersapp.com/papers/
%%

@article{samuelson1954pure,
author = {Samuelson, Paul A},
title = {{The Pure Theory of Public Expenditure}},
journal = {The Review of Economics and Statistics},
year = {1954}
}

@article{lazear1981rank,
author = {Lazear, Edward P and Rosen, Sherwin},
title = {{Rank-Order Tournaments as Optimum Labor Contracts}},
journal = {The Journal of Political Economy},
year = {1981}
}

@article{mary1984economic,
author = {Mary, O'Keeffe and Viscusi, W Kip and Zeckhauser, Richard J},
title = {{Economic Contests: Comparative Reward Schemes}},
journal = {Journal of Labor Economics},
year = {1984}
}

@article{green1983comparison,
author = {Green, Jerry R and Stokey, Nancy L},
title = {{A Comparison of Tournaments and Contracts}},
journal = {The Journal of Political Economy},
year = {1983}
}

@article{nalebuff1983prizes,
author = {Nalebuff, Barry J and Stiglitz, Joseph E},
title = {{Prizes and incentives: towards a general theory of compensation and competition}},
journal = {The Bell Journal of Economics},
year = {1983}
}

@article{moldovanu2001optimal,
author = {Moldovanu, Benny and Sela, Aner},
title = {{The optimal allocation of prizes in contests}},
journal = {The American Economic Review},
year = {2001}
}


@article{brynjolfsson2000beyond,
author = {Brynjolfsson, Erik and Hitt, Lorin M},
title = {{Beyond Computation: Information Technology, Organizational Transformation and Business Performance}},
journal = {Journal of Economic Perspectives},
year = {2000}
}

@article{lakhani2013prize,
author = {Lakhani, Karim R and Boudreau, Kevin J and Loh, Po-Ru and Backstrom, Lars and Baldwin, Carliss and Lonstein, Eric and Lydon, Mike and MacCormack, Alan and Arnaout, Ramy A and Guinan, Eva C},
title = {{Prize-based contests can provide solutions to computational biology problems}},
journal = {Nature biotechnology},
year = {2013}
}

@article{glaeser2016predictive,
author = {Glaeser, Edward L and Hillis, Andrew and Kominers, Scott Duke and Luca, Michael},
title = {{Predictive Cities Crowdsourcing City Government: Using Tournaments to Improve Inspection Accuracy}},
journal = {The American Economic Review},
year = {2016}
}

@article{terwiesch2008innovation,
author = {Terwiesch, Christian and Xu, Yi},
title = {{Innovation contests, open innovation, and multiagent problem solving}},
journal = {Management Science},
year = {2008}
}

@article{ashraf2014no,
author = {Ashraf, Nava and Bandiera, Oriana and Jack, B Kelsey},
title = {{No margin, no mission? A field experiment on incentives for public service delivery}},
journal = {Journal of Public Economics},
year = {2014}
}








